@misc{ wiki:MySQL,
   author = "Wikipedia",
   title = "MySQL --- Wikipedia{,} The Free Encyclopedia",
   year = "2017",
   url = "https://en.wikipedia.org/w/index.php?title=MySQL\&oldid=809470205",
   note = "[Online; accessed 12-November-2017]"
}

@misc{ wiki:MongoDB,
   author = "Wikipedia",
   title = "MongoDB --- Wikipedia{,} The Free Encyclopedia",
   year = "2017",
   url = "https://en.wikipedia.org/w/index.php?title=MongoDB\&oldid=809465469",
   note = "[Online; accessed 12-November-2017]"
}

@misc{ wiki:PostgreSQL,
   author = "Wikipedia",
   title = "PostgreSQL --- Wikipedia{,} The Free Encyclopedia",
   year = "2017",
   url = "https://en.wikipedia.org/w/index.php?title=PostgreSQL\&oldid=809546300",
   note = "[Online; accessed 12-November-2017]"
}

@misc{ MySQL_Android,
   author = "TutorialsPoint",
   title = "Android - PHP/MYSQL",
   year = "2017",
   url = "https://www.tutorialspoint.com/android/android\_php\_mysql.htm",
   note = "[Online; accessed 12-November-2017]"
}

@misc{ MongoDB_Android,
   author = "MongoDB",
   title = "Integrate the MongoDB Service with your Android Application",
   year = "2008-2017",
   url = "https://docs.mongodb.com/stitch/examples/mongodb-android/",
   note = "[Online; accessed 12-November-2017]"
}

@misc{ PostgreSQL_Android,
   author = "Mark Wong",
   title = "Android \& PostgreSQL",
   year = "2011",
   url = "https://www.pgcon.org/2011/schedule/track/Applications/278.en.html",
   note = "[Online; accessed 12-November-2017]"
}

@misc{ DB_Comparison,
   author = "DB Engines",
   title = "System Properties Comparison MongoDB vs. MySQL vs. PostgreSQL",
   year = "2017",
   url = "https://db-engines.com/en/system/MongoDB\%3BMySQL\%3BPostgreSQL",
   note = "[Online; accessed 12-November-2017]"
}

@misc{ MySQL_vs_Postgres,
   author = "DigitalOcean",
   title = "SQLite vs MySQL vs PostgreSQL: A Comparison Of Relational Database Management Systems",
   year = "2014",
   url = "https://www.digitalocean.com/community/tutorials/sqlite-vs-mysql-vs-postgresql-a-comparison-of-relational-database-management-systems",
   note = "[Online; accessed 12-November-2017]"
}

@misc{ AndroidSDK_vs_SemanticUI,
   author = "Stackshare.io",
   title = "Android SDK vs. Semantic UI",
   year = "2017",
   url = "https://stackshare.io/stackups/android-vs-semantic-ui",
   note = "[Online; accessed 13-November-2017]"
}

@misc{ Apache_Cordova,
   author = "The Apache Software Foundation",
   title = "Overview",
   year = "2012, 2013, 2015",
   url = "https://cordova.apache.org/docs/en/latest/guide/overview/index.html",
   note = "[Online; accessed 13-November-2017]"
}

@misc{ Semantic_UI,
   author = "Semantic UI",
   title = "Semantic UI",
   url = "https://semantic-ui.com",
   note = "[Online; accessed 13-November-2017]"
}

@misc{ SemanticUI_JS,
   author = "Jamie Hutber",
   title = "Add JS and CSS support to Android Studio project",
   year = "2013",
   url = "https://stackoverflow.com/questions/17137577/add-js-and-css-support-to-android-studio-project",
   note = "[Online; accessed 13-November-2017]"
}
