@electronic{pocketpoints,
    title   = "pocket points",
    language= "English",
    url     = "https://pocketpoints.com/"
}
