@electronic{InstaAPI,
   title    = "Connecting with API Data from Instagr.am using PHP",
   language = "English",
   url      = "http://spyrestudios.com/connecting-with-api-data-from-instagr-am-using-php/"
}

@electronic{GMaps_Geo,
   title    = "The Google Maps Geolocation API",
   language = "English",
   url      = "https://developers.google.com/maps/documentation/geolocation/intro"
}

@electronic{GMaps_Marker,
   title    = "Markers",
   language = "English",
   url      = "https://developers.google.com/maps/documentation/javascript/markers"
}

@electronic{MySQL,
   title    = "PHP Select Data From MySQL",
   language = "English",
   url      = "https://www.w3schools.com/php/php\_mysql\_select.asp"
}
