@electronic{Tweetshow,
    title   = "Show Tweets",
    language= "English",
    url     = "https://dev.twitter.com/twitterkit/android/show-tweets"
}
@electronic{TSDK,
    title   = "Twitter Kit for Android",
    language= "English",
    url     = "https://dev.twitter.com/twitterkit/android/overview"
}
@electronic{InstaAPI,
    title   = "Connecting with API Data from Instagr.am using PHP",
    language= "English",
    url     = "http://spyrestudios.com/connecting-with-api-data-from-instagr-am-using-php/"
}
@electronic{Faccess,
    title   = "Facebook Access Tokens",
    language= "English",
    url     = "https://developers.facebook.com/docs/facebook-login/access-tokens/#pagetokens"
}
@electronic{GMaps,
    title   = "The Google Maps Geolocation API",
    language= "English",
    url     = "https://developers.facebook.com/docs/facebook-login/access-tokens/#pagetokens"
}
@electronic{cordova,
    title   = "cordova-plugin-geolocation",
    language= "English",
    url     = "https://cordova.apache.org/docs/en/latest/reference/cordova-plugin-geolocation/"
}
@electronic{Andriodlocal,
    title   = "Android Location and Maps",
    language= "English",
    url     = "https://developer.android.com/guide/topics/location/index.html"
}
@electronic{GoogleMap,
    title   = "Displaying marker and evnts google map",
    language= "English",
    url     = "https://developers.google.com/maps/documentation/javascript/markers"
}
@electronic{Mapbox,
    title   = "First steps with the Mapbox Android SDK",
    language= "English",
    url     = "https://www.mapbox.com/help/first-steps-android-sdk/"
}
@electronic{bing,
    title   = "Mocrosoft Bing Maps",
    language= "English",
    url     = "https://msdn.microsoft.com/en-us/library/ff428643.aspx"
}
