@misc{ jQuery,
	title = "jQuery",
	year = "2017",
	url = "https://jquery.com/",
	note = "[Online; accessed 30-November-2017]"
}

@misc{ MySQL,
	title = "MySQL",
	year = "2017",
	url = "https://www.openhub.net/p/mysql",
	note = "[Online; accessed 29-November-2017]"
}

@misc{ MySQL_vs_Postgres,
   	author = "DigitalOcean",
   	title = "SQLite vs MySQL vs PostgreSQL: A Comparison Of Relational Database Management Systems",
   	year = "2014",
   	url = "https://www.digitalocean.com/community/tutorials/sqlite-vs-mysql-vs-postgresql-a-comparison-of-relational-database-management-systems",
   	note = "[Online; accessed 12-November-2017]"
}

@misc{ Semantic_UI,
   	author = "Semantic UI",
   	title = "Semantic UI",
   	url = "https://semantic-ui.com",
   	note = "[Online; accessed 13-November-2017]"
}

@misc{ SemanticUI_JS,
   	author = "Jamie Hutber",
   	title = "Add JS and CSS support to Android Studio project",
   	year = "2013",
   	url = "https://stackoverflow.com/questions/17137577/add-js-and-css-support-to-android-studio-project",
   	note = "[Online; accessed 13-November-2017]"
}

@misc{ PBKDF2,
	author = "Jeff Jarmoc",
	title = "Enough With the Salts: Updates on Secure Password Schemes",
	year = "2015",
	url = "https://www.nccgroup.trust/us/about-us/newsroom-and-events/blog/2015/march/enough-with-the-salts-updates-on-secure-password-schemes/",
	note = "[Online; accessed 29-November-2017]"
}

@misc{ PBKDF2_More,
	author = "B. Kaliski",
	title = "PKCS \#5: Password-Based Cryptography Specification, Version 2.0",
	year = "2000",
	url = "https://tools.ietf.org/html/rfc2898\#section-5.2",
	note = "[Online; accessed 29-November-2017]"
}

@misc{ Semantic_UI2,
	author = "Ivaylo Gerchev",
	title = "Introducing: Semantic UI Component Library",
	year = "2014",
	url = "https://www.sitepoint.com/introducing-semantic-ui-component-library/",
	note = "[Online; accessed 29-November-2017]"
}

@misc{ Android_SDK_Emulator,
	title = "Run Apps on the Android Emulator",
	url = "https://developer.android.com/studio/run/emulator.html",
	note = "[Online; accessed 29-November-2017]"
}

@electronic{InstaAPI,
    title   = "Connecting with API Data from Instagr.am using PHP",
    language= "English",
    url     = "http://spyrestudios.com/connecting-with-api-data-from-instagr-am-using-php/"
}

@electronic{GMaps,
    title   = "The Google Maps Geolocation API",
    language= "English",
    url     = "https://developers.google.com/maps/documentation/geolocation/intro"
}

@electronic{GoogleMap,
    title   = "Markers",
    language= "English",
    url     = "https://developers.google.com/maps/documentation/javascript/markers"
}
	